@article{J75,
	title        = {Notes on {Gödel's} and {Scott's Variants} of the Ontological Argument},
	author       = {Christoph Benzmüller and Scott, Dana S.},
	year         = 2024,
	journal      = {Monatshefte für Mathematik},
	OPTvolume       = {},
        OPTissue        = {},
	OPTpages        = {},
	OPTdoi          = {},
        keywords     = {own},
	note         = {Forthcoming/accepted},
	addendum     = {Forthcoming/accepted}
}

@inCollection{GoedelNotes,
  author =        {Kurt G\"odel},
  OPTbooktitle =     {Logic and Theism: Arguments for and Against Beliefs in God},
  editor =        {Sobel, J.H.},
  pages =         {144--145},
  OPTpublisher =     {Cambridge University Press},
  OPTaddress = {Cambridge},
  title =         {{Appendix A. Notes in Kurt G\"odel's Hand}},
  OPTchapter =       {Appendix A. Notes in Kurt G\"odel's Hand},
  OPTyear =          {1970},
  isbn =          {9781139449984},
  crossref =      {Sobel2004logic},
}

@inCollection{ScottNotes,
  author =        {Dana S. Scott},
  OPTbooktitle =     {Logic and Theism: Arguments for and Against Beliefs in God},
  editor =        {Sobel, J.H.},
  pages =         {145-146},
  OPTpublisher =     {Cambridge U. Press},
  OPTaddress = {Cambridge},
  title =         {{Appendix B: Notes in Dana Scott's Hand}},
  OPTchapter =         {Appendix B: Notes in Dana Scott's Hand},
  OPTyear =          1972,
  isbn =          9781139449984,
  crossref =      {Sobel2004logic},
}

@book{Sobel2004logic,
  author =        {Sobel, Jordan H.},
  booktitle =     {Logic and Theism: Arguments for and Against Beliefs
                   in God},
  OPTeditor =        {Sobel, J.H.},
  publisher =     {Cambridge University Press},
  address = {Cambridge},
  title =         {Logic and Theism: Arguments for and Against Beliefs
                   in God},
  year =          {2004},
  isbn =          {9781139449984},
doi = {10.1017/CBO9780511497988},
}


@article{J48,
  Author =	 {Benzm{\"u}ller, Christoph and Parent, Xavier and van
                  der Torre, Leendert},
  Keywords =	 {own, Trustworthy and responsible AI, Knowledge
                  representation and reasoning, Automated theorem
                  proving, Model finding, Normative reasoning,
                  Normative systems, Ethical issues, Semantical
                  embedding, Higher-order logic},
  Journal =	 {Artificial Intelligence},
  Publisher =	 {Elsevier},
  Title =	 {Designing Normative Theories for Ethical and Legal
                  Reasoning: {LogiKEy} Framework, Methodology, and
                  Tool Support},
  Year =	 2020,
  Volume =	 287,
  Pages =	 103348,
  issn =	 {0004-3702},
  Doi =		 {10.1016/j.artint.2020.103348},
  OPTUrl =       {https://doi.org/10.1016/j.artint.2020.103348},
  url_preprint = {https://www.researchgate.net/publication/342146653},
  url_arxiv =	 {https://arxiv.org/abs/1903.10187},
}

@article{SimplifiedOntologicalArgument-AFP,
  author  = {Christoph Benzmüller},
  title   = {Exploring Simplified Variants of {Gödel’s} Ontological Argument in {Isabelle/HOL}},
  journal = {Archive of Formal Proofs},
  month   = {November},
  year    = {2021},
  note    = {\url{https://isa-afp.org/entries/SimplifiedOntologicalArgument.html},
             Formal proof development},
  ISSN    = {2150-914x},
}

@article{Types_Tableaus_and_Goedels_God-AFP,
  author  = {David Fuenmayor and Christoph Benzmüller},
  title   = {Types, {Tableaus} and {Gödel’s} {God} in {Isabelle/HOL}},
  journal = {Archive of Formal Proofs},
  month   = {May},
  year    = {2017},
  note    = {\url{https://isa-afp.org/entries/Types_Tableaus_and_Goedels_God.html},
             Formal proof development},
  ISSN    = {2150-914x},
}

@article{GoedelGod-AFP,
  author  = {Christoph Benzmüller and Woltzenlogel Paleo, Bruno},
  title   = {Gödel's {God} in {Isabelle/HOL}},
  journal = {Archive of Formal Proofs},
  month   = {November},
  year    = {2013},
  note    = {\url{https://isa-afp.org/entries/GoedelGod.html},
             Formal proof development},
  ISSN    = {2150-914x},
}

